# použíte:

@URL{virtualization-in-education,
    author = "IBM Corporation",
    title = "Virtualization in Education",
    year   = "2007",
    howpublished = "\url{http://www-07.ibm.com/solutions/in/education/download/Virtualization%20in%20Education.pdf}",
    note = "[Online; retrieved 2014-09-17]",
}

@URL{live-migration-of-vms,
    author = "Clark, Ch. Fraser, K. Hand, S. Hansen, J.G. Jul, E. Limpach, Ch. Pratt, I. Warfield, A.",
    title = "Live Migration of Virtual Machines",
    year   = "2005",
    howpublished = "\url{https://www.usenix.org/legacy/events/nsdi05/tech/full_papers/clark/clark.pdf}",
    note = "[Online; retrieved 2014-08-17]",
}

@URL{cloud-definition,
    author = "Mell, P. Grance, T.",
    title = "The {NIST} Definition of Cloud Computing",
    howpublished = "\url{http://csrc.nist.gov/publications/nistpubs/800-145/SP800-145.pdf}",
    note = "[Online; retrieved 2014-08-17]",
}

@URL{vmware-para,
    author = "Chris Horne",
    title = "Understanding Full Virtualization, Paravirtualization, and Hardware Assist",
    howpublished = "\url{http://www.vmware.com/files/pdf/VMware_paravirtualization.pdf}",
    note = "[Online; retrieved 2014-08-20]",
}

@URL{ubuntu-docker,
    author = "Dustin Kirkland",
    title = "Docker in Ubuntu, Ubuntu in Docker",
    howpublished = "\url{http://blog.docker.com/2014/04/docker-in-ubuntu-ubuntu-in-docker/}",
    note = "[Online; retrieved 2014-09-20]",
}

@URL{wp-microsoft-ireland,
    author = "Ellen Nakashima",
    title = "Judge orders Microsoft to turn over data held overseas",
    howpublished = "\url{http://www.washingtonpost.com/world/national-security/judge-orders-microsoft-to-turn-over-data-held-overseas/2014/07/31/b07c4952-18d4-11e4-9e3b-7f2f110c6265_story.html}",
    note = "[Online; retrieved 2014-09-12]",
}

@URL{ipv4-jako-sluzba,
    author = "Ondřej Celetka",
    title = "{IPv4} jako služba aneb jak síť zbavit dual-stacku",
    howpublished = "\url{http://www.root.cz/clanky/ipv4-jako-sluzba-aneb-jak-sit-zbavit-dual-stacku/}",
    note = "[Online; retrieved 2014-09-30]",
}

@URL{draft-sakura-6rd,
    author = "S. Tsuchiya, Ed., M. Townsley and S. Ohkubo",
    title = "{IPv6} Rapid Deployment (6rd) in a Large Data Center",
    howpublished = "\url{http://tools.ietf.org/html/draft-sakura-6rd-datacenter-04}",
    note = "[Online; retrieved 2014-05-30]",
}

@INPROCEEDINGS{adaptive-live-migration,
author={Katsipoulakis, N.R. and Tsakalozos, K. and Delis, A},
booktitle={Cloud Computing Technology and Science (CloudCom), 2013 IEEE 5th International Conference on},
title={Adaptive Live VM Migration in Share-Nothing IaaS-Clouds with LiveFS},
year={2013},
month={Dec},
volume={2},
pages={293-298},
keywords={cloud computing;virtual machines;FUSE-file system;LiveFS;adaptive live VM migration;share-nothing IaaS-clouds;total migration time reduction;virtual disk segments;Benchmark testing;Delays;Handover;Middleware;Monitoring;Receivers;Cloud Storage;Distributed Systems;Share-Nothing IaaS Cloud;Storage},
doi={10.1109/CloudCom.2013.151},}

@INPROCEEDINGS{6558130,
author={Leelipushpam, P.G.J. and Sharmila, J.},
booktitle={Information Communication Technologies (ICT), 2013 IEEE Conference on},
title={Live VM migration techniques in cloud environment #x2014; A survey},
year={2013},
month={April},
pages={408-413},
keywords={cloud computing;software maintenance;virtual machines;cloud computing;cloud data center;cloud environment;computing resource;energy efficiency;live VM migration technique;live migration;load balancing;network resource;physical server;storage resource;system resources memory;virtual machines;virtualization technology;Availability;Bandwidth;Cloud computing;Energy efficiency;Load management;Servers;Virtual machining;Cloud Computing;Energy efficiency;VM Migration},
doi={10.1109/CICT.2013.6558130},}

@INPROCEEDINGS{1690546,
author={Mache, J. and Tyman, D. and Pinter, A. and Allick, C.},
booktitle={Networking and Services, 2006. ICNS '06. International conference on},
title={Performance Implications of Using VPN Technology for Cluster Integration and Grid Computing},
year={2006},
month={July},
pages={75-75},
keywords={grid computing;public domain software;telecommunication network topology;telecommunication security;telecommunication traffic;virtual private networks;workstation clusters;VPN;cluster integration;grid computing;grid topology;inter-cluster links;open-source OpenVPN software;traffic hotspots;virtual private network;wide-area link;Application software;Bandwidth;Bridges;Delay;Grid computing;Open source software;Performance analysis;Software performance;Topology;Virtual private networks;VPN;grid computing;hotspot;performance evaluation;security},
doi={10.1109/ICNS.2006.83},}

@ARTICLE {survey-architectures,
    author  = "Hammadi, A. and Mhamdi, L",
    title   = "A survey on architectures and energy efficiency in Data Center Networks",
    journal = "Computer Communications",
    year    = "2014",
    volume  = "40"
}

@URL{rfc7348,
author = "Mahalingam et al.",
title = "Virtual eXtensible Local Area Network (VXLAN): A Framework for Overlaying Virtualized Layer 2 Networks over Layer 3 Networks",
howpublished = "\url{http://tools.ietf.org/html/rfc7348}",
note = "[Online; retrieved 2014-11-10]"
}
@URL{rfc2748,
author = "Farinacci et al.",
title = "Generic Routing Encapsulation (GRE)",
howpublished = "\url{http://tools.ietf.org/html/rfc2748}",
note = "[Online; retrieved 2014-08-10]"
}
@URL{rfc2890,
author = "G. Dommety",
title = "Key and Sequence Number Extensions to GRE",
howpublished = "\url{http://tools.ietf.org/html/rfc2890}",
note = "[Online; retrieved 2014-08-10]"
}
@URL{rfc7365,
author = "Lasserre, et al.",
title = "Framework for Data Center (DC) Network Virtualization",
howpublished = "\url{http://tools.ietf.org/html/rfc7365}",
note = "[Online; retrieved 2014-11-11]"
}

@URL{draft-nvgre,
author = "Sridharan et al",
title = "NVGRE: Network Virtualization using Generic Routing Encapsulation",
howpublished = "\url{http://tools.ietf.org/html/draft-sridharan-virtualization-nvgre-06}",
note = "[Online; retrieved 2014-11-11]"
}
@URL{draft-stt,
author = "Davie and Gross",
title = "A Stateless Transport Tunneling Protocol for Network Virtualization (STT)",
howpublished = "\url{http://tools.ietf.org/html/draft-davie-stt-06}",
note = "[Online; retrieved 2014-11-12]"
}



# bordel

@INPROCEEDINGS{5460651,
author={Xingang Liu and Jinpeng Huai and Qin Li and Tianyu Wo},
booktitle={Networking and Services (ICNS), 2010 Sixth International Conference on},
title={No Break of Virtual Network during Live Migration},
year={2010},
month={March},
pages={175-181},
keywords={computer networks;virtual machines;CIDD;VM;central information management distributed data transmission;efficient and reliable virtual network;live migration;run time memory state;virtual machine;virtual network;Computer network reliability;Computer science;Data communication;Degradation;Hardware;Information management;Runtime;Virtual machining;Virtual manufacturing;Voice mail;live migration;reliability;virtual machine;virtual network},
doi={10.1109/ICNS.2010.31},}

@INPROCEEDINGS{6725332,
author={Ahmad, N. and Kanwal, A and Shibli, M.A},
booktitle={Information Assurance (NCIA), 2013 2nd National Conference on},
title={Survey on secure live virtual machine (VM) migration in Cloud},
year={2013},
month={Dec},
pages={101-106},
keywords={cloud computing;risk management;security of data;virtual machines;virtualisation;cloud computing;fault takeover;hardware maintenance;hardware resource virtualization;live VM migration;live migration;live virtual machine migration security;migration process;security requirements;security risks;threats;vulnerabilities;workload balancing;Authentication;Cloud computing;Computational modeling;Protocols;Virtual machine monitors;Virtualization;Cloud Computing;Cloud Security;Infrastructure as a Security (IaaS);Live VM Migration;Virtualization},
doi={10.1109/NCIA.2013.6725332},}

@INPROCEEDINGS{5305042,
author={Botero, J.F. and Hesselbach, X.},
booktitle={Communications, 2009. LATINCOM '09. IEEE Latin-American Conference on},
title={The bottlenecked virtual network problem in bandwidth allocation for network virtualization},
year={2009},
month={Sept},
pages={1-5},
keywords={Internet;bandwidth allocation;virtual private networks;Internet service providers;bandwidth allocation;bandwidth distribution;bottlenecked virtual network problem;network ossification;network virtualization;physical nodes;physical resources allocation;virtual nodes;Bandwidth;Channel allocation;Isolation technology;Protocols;Resource management;Resource virtualization;Routing;Telematics;Testing;Web and internet services},
doi={10.1109/LATINCOM.2009.5305042},}


